@article{yingjingzhou2015,
    author = {应竞舟 and 傅忠谦 and 王建宇},
    title = {基于高斯过程回归的多姿态人脸识别},
    journal = {计算机应用与软件},
    volume = {32},
    number = {8},
    year = {2015},
    pages = {174--179},
    abstract = {针对在人脸识别中,人脸姿态的变化会对识别结果造成严重的干扰这一问题,以及目前绝大多数人脸识别系统仅支持标 准正脸的识别这一现状,基于高斯过程回归分析侧脸轮廓到正脸轮廓的映射关系,提出一种处理侧角在水平-45°到+45°之间的人脸图片的方法,显著地提升了人脸识别系统对侧脸图片的识别率.在Mulit-Pie和FEＲET两个人脸数据库上进行的多次识别实验表明了该方法的有效性}
}



@article{zhangjiangfan2017,
    author = {张江帆},
    title = {基于高斯过程回归的锂电池数据处理},
    year = {2017},
    journal = {北京交通大学},
    mark = {D},
    abstract = {锂电池寿命预测}
}




@book{rasmussen2006gaussian,
  title = {Gaussian processes in machine learning},
  author = {{C. E. Rasmussen, C. K. I. Williams}},
  year = {2006},
  publisher = {the MIT Press},
  address = {Cambridge},
  isbn = {026218253X},
  //url = {http://www.gaussianprocess.org/gpml/}
}

@online{Durrande2017,
  title = {Lecture notes on Gaussian process regression},
  author = {{N. Durrande}},
  year = {2017},
  url = {https://github.com/NicolasDurrande/Gaussian-Process-Regression-handout}
}


@book{lihang2012,
  title = {统计学习方法},
  author = {李航},
  year = {2012},
  publisher = {清华大学出版社},
  address = {北京},
  isbn = {026218253X}
}

@book{pmlr-v28-duvenaud13,
  title = 	 {Structure Discovery in Nonparametric Regression through Compositional Kernel Search},
  author = 	 {{David Duvenaud, James Lloyd, Roger Grosse, et al}},
  pages = 	 {1166--1174},
  year = 	 {2013},
  address = 	 {Atlanta, Georgia, USA},
  month = 	 {17--19 Jun},
  publisher = 	 {PMLR},
  mark = {C}
}

@article{snelson2007local,
  title={Local and global sparse Gaussian process approximations},
  author={{Edward Snelson, Zoubin Ghahramani}},
  journal={Artificial Intelligence and Statistics},
  pages={524--531},
  year={2007},
  mark = {C}
}

@article{bachoc2013cross,
  title={Cross Validation and Maximum Likelihood estimations of hyper-parameters of Gaussian processes with model misspecification},
  author={{Bachoc, Fran{\c{c}}ois}},
  journal={Computational Statistics \& Data Analysis},
  volume={66},
  pages={55--69},
  year={2013},
  publisher={Elsevier}
}

@article{Rasmussen2017,
    author = {{Carl Edward Rasmussen, Hannes Nickisch}},
    title = {The GPML Toolbox version 4.1},
    year = {2017},
    mark = {EB/OL},
    abstract = {}
}


